<?xml version="1.0" encoding="UTF-8"?><collection xmlns="http://www.loc.gov/MARC21/slim"><record><leader>00414nam--2200133-i-4500</leader><controlfield tag="001">000031505</controlfield><controlfield tag="002">20161230</controlfield><controlfield tag="005">20161230201038</controlfield><controlfield tag="008">060222s1000------------r-----000-0-eng-d</controlfield><datafield ind1=" " ind2=" " tag="080"><subfield code="a">621.039.524.4(043)</subfield></datafield><datafield ind1=" " ind2=" " tag="100"><subfield code="a">Mathonniere, Gilles</subfield></datafield><datafield ind1=" " ind2=" " tag="245"><subfield code="a">Biblioteque neutronique a nombre des groupes restrient pour le calcul des reacteurs a eau. these</subfield></datafield><datafield ind1=" " ind2=" " tag="260"><subfield code="a">Orsay, Univ.De Paris-sud, 1980, Vii + 110p</subfield></datafield><datafield ind1=" " ind2=" " tag="852"><subfield code="a">70602</subfield></datafield></record></collection>